<?xml version="1.0" encoding="UTF-8"?><record xmlns="http://www.loc.gov/MARC21/slim" xmlns:cinclude="http://apache.org/cocoon/include/1.0" xmlns:zs="http://www.loc.gov/zing/srw/">
  <leader>00616cz  a2200181n  4500</leader>
  <controlfield tag="001">n  00044164 </controlfield>
  <controlfield tag="003">DLC</controlfield>
  <controlfield tag="005">20100512074747.0</controlfield>
  <controlfield tag="008">001109n| acannaabn          |n ana      </controlfield>
  <datafield tag="010" ind1=" " ind2=" ">
    <subfield code="a">n  00044164 </subfield>
  </datafield>
  <datafield tag="034" ind1=" " ind2=" ">
    <subfield code="d">W0554500</subfield>
    <subfield code="e">W0554500</subfield>
    <subfield code="f">S0270500</subfield>
    <subfield code="g">S0270500</subfield>
    <subfield code="2">geonet</subfield>
  </datafield>
  <datafield tag="035" ind1=" " ind2=" ">
    <subfield code="a">(OCoLC)oca05354186</subfield>
  </datafield>
  <datafield tag="040" ind1=" " ind2=" ">
    <subfield code="a">DLC</subfield>
    <subfield code="b">eng</subfield>
    <subfield code="c">DLC</subfield>
    <subfield code="d">DLC</subfield>
    <subfield code="d">OCoLC</subfield>
  </datafield>
  <datafield tag="043" ind1=" " ind2=" ">
    <subfield code="a">s-py---</subfield>
  </datafield>
  <datafield tag="151" ind1=" " ind2=" ">
    <subfield code="a">Hohenau (Paraguay)</subfield>
  </datafield>
  <datafield tag="670" ind1=" " ind2=" ">
    <subfield code="a">Kegler, Rolando. 1900-2000 Hohenau, 2000:</subfield>
    <subfield code="b">t.p. (Hohenau) p. 11 (en el Departamento de Itapúa)</subfield>
  </datafield>
  <datafield tag="670" ind1=" " ind2=" ">
    <subfield code="a">GEOnet, Nov. 8, 2000:</subfield>
    <subfield code="b">(Hohenau, PPL, 27°05ʹS, 055°45ʹW; dpt. Itapúa)</subfield>
  </datafield>
  <datafield tag="781" ind1=" " ind2="0">
    <subfield code="z">Paraguay</subfield>
    <subfield code="z">Hohenau</subfield>
  </datafield>
</record>